<record><leader>00000cas a22000007a 4500</leader><controlfield tag="001">14261538</controlfield><controlfield tag="008">860925d18641866pauwr ne      0    0eng d</controlfield><datafield ind1=" " ind2=" " tag="010"><subfield code="a">sn 86083265 </subfield></datafield><datafield ind1=" " ind2=" " tag="040"><subfield code="a">NPH</subfield><subfield code="b">eng</subfield><subfield code="c">NPH</subfield><subfield code="d">OCLCQ</subfield></datafield><datafield ind1=" " ind2=" " tag="042"><subfield code="a">msc</subfield></datafield><datafield ind1="0" ind2="0" tag="245"><subfield code="a">Danville American &amp; democrat.</subfield></datafield><datafield ind1="3" ind2="0" tag="246"><subfield code="a">Danville American and democrat</subfield></datafield><datafield ind1=" " ind2=" " tag="260"><subfield code="a">Danville, Montour County, Pa. :</subfield><subfield code="b">J.S. Bailey</subfield></datafield><datafield ind1=" " ind2=" " tag="300"><subfield code="a">v. ;</subfield><subfield code="c">62 cm.</subfield></datafield><datafield ind1=" " ind2=" " tag="310"><subfield code="a">Weekly</subfield></datafield><datafield ind1="1" ind2=" " tag="362"><subfield code="a">Began in Jan. 1864.</subfield><subfield code="z">Cf. Battle, J.H. Hist. of Columbia and Montour Counties, Pa.</subfield></datafield><datafield ind1="1" ind2=" " tag="362"><subfield code="a">Ceased in 1866?</subfield></datafield><datafield ind1=" " ind2=" " tag="588"><subfield code="a">Description based on: Vol. 1, no. 12 (Apr. 8, 1864).</subfield></datafield><datafield ind1=" " ind2=" " tag="752"><subfield code="a">United States</subfield><subfield code="b">Pennsylvania</subfield><subfield code="c">Montour</subfield><subfield code="d">Danville.</subfield></datafield><datafield ind1="0" ind2="4" tag="780"><subfield code="t">Montour American (Danville, Pa. : 1855)</subfield><subfield code="w">(DLC)sn 83032023</subfield></datafield><datafield ind1="0" ind2="4" tag="780"><subfield code="t">Danville democrat, and tariff advocate</subfield><subfield code="w">(DLC)sn 86071355</subfield></datafield><datafield ind1="0" ind2="0" tag="785"><subfield code="t">Montour American (Danville, Pa. : 1866)</subfield><subfield code="w">(DLC)sn 86083264</subfield></datafield></record>